@article{yazdi2018pseudo,
  title={Pseudo-Anosov maps with small stretch factors on punctured surfaces},
  author={Yazdi, Mehdi},
  journal={arXiv preprint arXiv:1801.01754},
  year={2018}
}

@article{Strenner_2017,
   title={Algebraic degrees of pseudo-Anosov stretch factors},
   volume={27},
   ISSN={1420-8970},
   url={http://dx.doi.org/10.1007/s00039-017-0429-4},
   DOI={10.1007/s00039-017-0429-4},
   number={6},
   journal={Geometric and Functional Analysis},
   publisher={Springer Science and Business Media LLC},
   author={Strenner, Balázs},
   year={2017},
   month={Nov},
   pages={1497–1539}
}

@article{thurston1986norm,
  title={A norm for the homology of 3-manifolds},
  author={Thurston, William P},
  journal={Memoirs of the American Mathematical Society},
  volume={59},
  number={339},
  pages={99--130},
  year={1986}
}

@article{penner1988construction,
  title={A construction of pseudo-Anosov homeomorphisms},
  author={Penner, Robert C},
  journal={Transactions of the American Mathematical Society},
  volume={310},
  number={1},
  pages={179--197},
  year={1988}
}

@article{penner1991bounds,
  title={Bounds on least dilatations},
  author={Penner, Robert C},
  journal={Proceedings of the American Mathematical Society},
  volume={113},
  number={2},
  pages={443--450},
  year={1991}
}

@article{fried1982flow,
  title={Flow equivalence, hyperbolic systems and a new zeta function for flows},
  author={Fried, David},
  journal={Commentarii Mathematici Helvetici},
  volume={57},
  number={1},
  pages={237--259},
  year={1982},
  publisher={Springer}
}

@article{fried1983transitive,
  title={Transitive Anosov flows and pseudo-Anosov maps},
  author={Fried, David},
  journal={Topology},
  volume={22},
  number={3},
  pages={299--303},
  year={1983},
  publisher={Elsevier}
}

@article{matsumoto1987topological,
  title={Topological entropy and Thurston’s norm of atoroidal surface bundles over the circle},
  author={Matsumoto, Shigenori},
  journal={J. Fac. Sci. Univ. Tokyo Sect. IA Math},
  volume={34},
  number={3},
  pages={763--778},
  year={1987}
}

@article{agol6983pseudo,
  title={Pseudo-Anosov stretch factors and homology of mapping tori, preprint (2014)},
  author={Agol, I and Leininger, CJ and Margalit, D},
  journal={arXiv preprint arXiv:1409.6983}
}